<record><leader>00000cas a22000007a 4500</leader><controlfield tag="001">10376789</controlfield><controlfield tag="008">840204d18651877pauwr ne      0    0eng d</controlfield><datafield ind1=" " ind2=" " tag="010"><subfield code="a">sn 84026294 </subfield></datafield><datafield ind1=" " ind2=" " tag="040"><subfield code="a">NPU</subfield><subfield code="b">eng</subfield><subfield code="c">NPU</subfield><subfield code="d">NPH</subfield><subfield code="d">NPX</subfield><subfield code="d">NJW</subfield><subfield code="d">DCN</subfield><subfield code="d">OCLCQ</subfield><subfield code="d">OCLCF</subfield><subfield code="d">OCLCO</subfield></datafield><datafield ind1=" " ind2=" " tag="042"><subfield code="a">msc</subfield></datafield><datafield ind1=" " ind2=" " tag="043"><subfield code="a">n-us-pa</subfield></datafield><datafield ind1="0" ind2="0" tag="245"><subfield code="a">Forney's weekly press.</subfield></datafield><datafield ind1="3" ind2="0" tag="246"><subfield code="a">Weekly press</subfield></datafield><datafield ind1=" " ind2=" " tag="260"><subfield code="a">Philadelphia, Pa. :</subfield><subfield code="b">J.W. Forney,</subfield><subfield code="c">-1877.</subfield></datafield><datafield ind1=" " ind2=" " tag="300"><subfield code="a">v.</subfield></datafield><datafield ind1=" " ind2=" " tag="310"><subfield code="a">Weekly</subfield></datafield><datafield ind1="1" ind2=" " tag="362"><subfield code="a">Began with Nov. 11, 1865 issue.</subfield></datafield><datafield ind1="0" ind2=" " tag="362"><subfield code="a">-v. 20, no. 51 (Oct. 13, 1877).</subfield></datafield><datafield ind1=" " ind2=" " tag="500"><subfield code="a">"Forney's" appears above title ornament in smaller type, &lt;1865-1876&gt;.</subfield></datafield><datafield ind1=" " ind2=" " tag="588"><subfield code="a">Description based on: Vol. 9, no. 3 (Nov. 25, 1865).</subfield></datafield><datafield ind1=" " ind2="0" tag="651"><subfield code="a">Philadelphia (Pa.)</subfield><subfield code="v">Newspapers.</subfield></datafield><datafield ind1=" " ind2="0" tag="650"><subfield code="a">Newspapers.</subfield></datafield><datafield ind1=" " ind2="7" tag="655"><subfield code="a">Newspapers.</subfield><subfield code="2">fast</subfield><subfield code="0">(OCoLC)fst01423814</subfield></datafield><datafield ind1=" " ind2="7" tag="650"><subfield code="a">Newspapers.</subfield><subfield code="2">fast</subfield><subfield code="0">(OCoLC)fst01037111</subfield></datafield><datafield ind1=" " ind2="7" tag="651"><subfield code="a">Pennsylvania</subfield><subfield code="z">Philadelphia.</subfield><subfield code="2">fast</subfield><subfield code="0">(OCoLC)fst01204170</subfield></datafield><datafield ind1=" " ind2=" " tag="752"><subfield code="a">United States</subfield><subfield code="b">Pennsylvania</subfield><subfield code="c">Philadelphia</subfield><subfield code="d">Philadelphia.</subfield></datafield><datafield ind1="0" ind2=" " tag="775"><subfield code="t">Press (Philadelphia, Pa. : 1857 : Daily)</subfield><subfield code="w">(DLC)sn 84026296</subfield></datafield><datafield ind1="0" ind2=" " tag="775"><subfield code="t">Press (Philadelphia, Pa. : Triweekly)</subfield><subfield code="w">(DLC)sn 87052110</subfield></datafield><datafield ind1="0" ind2="0" tag="780"><subfield code="t">Forney's war press</subfield><subfield code="w">(DLC)sn 84026295</subfield></datafield><datafield ind1="0" ind2="0" tag="785"><subfield code="t">Weekly press (Philadelphia, Pa. : 1877)</subfield><subfield code="w">(OCoLC)12274288</subfield></datafield></record>